<?xml version="1.0" encoding="UTF-8"?><collection><record><leader>06776ntm a2200541 a 4500</leader><controlfield tag="001">006834134</controlfield><controlfield tag="003">MiAaHDL</controlfield><controlfield tag="005">20190719000000.0</controlfield><controlfield tag="006">m        d        </controlfield><controlfield tag="007">cr bn ---auaua</controlfield><controlfield tag="008">090706q18501899xx            00| ||ara d</controlfield><datafield tag="035" ind1=" " ind2=" "><subfield code="a">(MiU)006834134</subfield></datafield><datafield tag="035" ind1=" " ind2=" "><subfield code="a">sdr-miu006834134</subfield></datafield><datafield tag="040" ind1=" " ind2=" "><subfield code="a">MiU</subfield><subfield code="c">MiU</subfield><subfield code="e">amremm</subfield></datafield><datafield tag="043" ind1=" " ind2=" "><subfield code="a">n-us-mi</subfield></datafield><datafield tag="100" ind1="1" ind2=" "><subfield code="6">880-01</subfield><subfield code="a">Jazūlī, Muḥammad ibn Sulaymān,</subfield><subfield code="d">-1465.</subfield></datafield><datafield tag="245" ind1="1" ind2="0"><subfield code="6">880-03</subfield><subfield code="a">Dalāʼil al-khayrāt wa-shawāriq al-anwār fī dhikr al-ṣalāh ʻalá al-nabī al-mukhtār,</subfield><subfield code="f">[late 19th century?].</subfield></datafield><datafield tag="246" ind1="3" ind2="8"><subfield code="a">قرآن كريم</subfield></datafield><datafield tag="246" ind1="3" ind2=" "><subfield code="i">Title from illuminated headpiece at opening (p.2)</subfield><subfield code="a">دلائل الخيرات</subfield></datafield><datafield tag="260" ind1=" " ind2=" "><subfield code="c">[1850-1899?].</subfield></datafield><datafield tag="300" ind1=" " ind2=" "><subfield code="a">134 leaves :</subfield><subfield code="b">paper ;</subfield><subfield code="c">261 x 185 (193 x 116) mm. bound to 268 x 193 mm.</subfield></datafield><datafield tag="500" ind1=" " ind2=" "><subfield code="a">Shelfmark: Ann Arbor, University of Michigan, Special Collections Library, Isl. Ms. 1013</subfield></datafield><datafield tag="500" ind1=" " ind2=" "><subfield code="a">Origin: Lacks dated colophon ; paper, decoration, etc. would suggest late 19th century.</subfield></datafield><datafield tag="500" ind1=" " ind2=" "><subfield code="a">Accompanying materials: "a. Slip of paper with notes in Jameson’s handwriting: 'Sections from the Koran / Collection of prayers / Sulaymān purchase / 10-20-70' -- b. Slip of paper with notes in Jameson’s handwriting: '?Section of the Koran? / Bought on Mr. Sulaymān’s trip. All on one order no. / Brought to RBR on 10-27-70 by Mr. Eilts. Purchased by Mr. Sulaymān from Librarie Tunisienne in 1967. Letter &amp; invoice in MSS file' " - from handlist prepared by R. Dougherty, 1993, no longer in volume.</subfield></datafield><datafield tag="500" ind1=" " ind2=" "><subfield code="a">Former shelfmark: Mich. Isl. Ms. temp. no. 162</subfield></datafield><datafield tag="500" ind1=" " ind2=" "><subfield code="a">Binding: Boards covered in red cloth ; Western style binding ; pastedowns and flyleaves in untinted wove paper ; spine gold-stamped with 'title' ("قرآن كريم") and decorative bands ; now sewn in white thread (rarely visible, see p.44) ; stuck-on endbands in mint green ; overall in quite good condition ; certainly not original (impression of a flap visible in many leaves).</subfield></datafield><datafield tag="500" ind1=" " ind2=" "><subfield code="a">Support: Light brown machine wove paper with embossed mark ("imitation watermark") "BATH" under crown (see p.49-50, 53-54, 57-58, and 59-60, 267-268, etc.) ; pigment burn to breakthrough at inner border of frame surrounding written area in many leaves and minor pest damage.</subfield></datafield><datafield tag="500" ind1=" " ind2=" "><subfield code="a">Decoration: Fine illuminated headpiece (ʻunwān / sarlawḥ) at opening on p.2 consisting of empty rectangular piece bordered in salmon (orange) and gold, surmounted a scalloped dome carrying title for opening section "دلائل الخيرات مقدمۀ" surrounded by floral vegetal decoration in gold, lavender, green, salmon, and blue, itself surmounted by vertical stalks (tīgh) in light blue ; written area surrounded by gold frame consisting of heavy gold band defined by black fillets with outermost red rule ; textual dividers in the form of illuminated roundels / rosettes with red and blue accents ; simple illuminated headpieces appear at other section headings throughout text.</subfield></datafield><datafield tag="500" ind1=" " ind2=" "><subfield code="a">Script: Naskh ; exquisite, bold Ottoman hand ; partially seriffed with right-sloping head-serifs mainly on lām (initial, final and isolated) and other ascenders apart from alif, slight effect of tilt to the left, curvilinear descenders, mainly open counters, pointing in conjoined dots ; fully vocalized.</subfield></datafield><datafield tag="500" ind1=" " ind2=" "><subfield code="a">Layout: Written in 9 lines per page ; frame-ruled.</subfield></datafield><datafield tag="500" ind1=" " ind2=" "><subfield code="a">Collation: Too tightly bound to discern gatherings ; pp.26-29 left blank, likely intended for a depiction of the rawḍah and minbar or Mecca and Medina but never executed ; catchwords present (partially lost to trimming) ; pagination in pencil, Western numerals, supplied during digitization.</subfield></datafield><datafield tag="500" ind1=" " ind2=" "><subfield code="a">Explicit: "وصلى الله على سيدنا محمد خاتم النبيين وامام المرسلين وعلى اله وصحبه وسلم تسليما والحمد لله رب العالمين وهو حسبنا ونعم الوكيل تمت الدلائل"</subfield></datafield><datafield tag="500" ind1=" " ind2=" "><subfield code="a">Incipit: "صلى الله على سيدنا محمد واله وصحبه وسلم الحمد لله الذى هدانا للايمان والاسلام والصلوة على محمد نبيه ... وبعد هذا فالغرض فى هذا الكتاب ذكر الصلوة على النبى صلى الله عليه وسلم وفضائلها نذكرها محذوفة الاسانيد ليسهل حفظها على القارئ وهي من اهم المهمات لمن يريد القرب من رب الارباب وسميته بكتاب دلائل الخيرات وشوارق الانوار في ذكر الصلوة على النبى المختار ابتغاء لمرضات الله تعالى ومحبة فى رسوله الكريم ..."</subfield></datafield><datafield tag="500" ind1=" " ind2=" "><subfield code="a">Title from opening matter on p.3.</subfield></datafield><datafield tag="500" ind1=" " ind2=" "><subfield code="a">Ms. codex.</subfield></datafield><datafield tag="510" ind1="4" ind2=" "><subfield code="a">Witkam, Jan Just. "The battle of the images: Mekka vs. Medina in the iconography of the manuscripts of al-Jazālī's Dalāʼil al-Khayrāt." In Theoretical approaches to the transmission and edition of Oriental manuscripts. Proceedings of a symposium held in Istanbul, March 28-30, 2001, Eds. Judith Pfeiffer and Manfred Kropp (Beirut: Ergon verlag Würzburg in Kommission, 2007):</subfield><subfield code="c">67-82 and 295-300 (illus.)</subfield></datafield><datafield tag="520" ind1="8" ind2=" "><subfield code="a">Elegant copy of al-Jazūlī’s (d.869/1465) celebrated collection of prayers for the Prophet, description of his tomb, his names, etc. followed by closing prayers (دعاء ختم سهليه and صلوات الصفا).</subfield></datafield><datafield tag="538" ind1=" " ind2=" "><subfield code="a">Mode of access: Internet.</subfield></datafield><datafield tag="541" ind1=" " ind2=" "><subfield code="c">Purchase ;</subfield><subfield code="a">Purchased in Egypt by Mr. Sulaiman ;</subfield><subfield code="d">Received: 10/17/1968 ;</subfield><subfield code="e">(Sulaiman 690713-156)</subfield></datafield><datafield tag="546" ind1=" " ind2=" "><subfield code="a">Arabic.</subfield></datafield><datafield tag="561" ind1=" " ind2=" "><subfield code="a">Possible former inventory mark "٦٢٤" on 'title page' (p.1) as well as a listing of the prayers from the Dalāʼil for each day of the week with instructions in Turkish ; waqf statement on facing incipit page (p.3) and at various places in text including p.24, 25, 32, 33, 36, 37, 40, 41, etc. "هذا دليل الخيرات وقف لله تعالى لكل من يقرأه ويقرأ الفاتحة لواقفه لله تعالى" ; glosses (surrounded by gold rules) and occasional marginal correction.</subfield></datafield><datafield tag="650" ind1=" " ind2="0"><subfield code="a">Manuscripts, Arabic</subfield><subfield code="z">Michigan</subfield><subfield code="z">Ann Arbor.</subfield></datafield><datafield tag="650" ind1=" " ind2="0"><subfield code="a">Sufism</subfield><subfield code="v">Prayers and devotions</subfield><subfield code="v">Early works to 1800.</subfield></datafield><datafield tag="650" ind1=" " ind2="0"><subfield code="a">Islam</subfield><subfield code="v">Prayers and devotions</subfield><subfield code="v">Early works to 1800.</subfield></datafield><datafield tag="655" ind1=" " ind2="7"><subfield code="a">Headpieces (layout features)</subfield><subfield code="y">19th century.</subfield><subfield code="2">aat</subfield></datafield><datafield tag="773" ind1="0" ind2=" "><subfield code="a">Sulaiman Purchase Collection.</subfield></datafield><datafield tag="880" ind1="1" ind2="0"><subfield code="6">245-03/</subfield><subfield code="a">دلائل الخيرات وشوارق الانوار فى ذكر الصلوة على النبى المختار,</subfield><subfield code="f">[اواخر القرن 19م؟].</subfield></datafield><datafield tag="880" ind1="1" ind2=" "><subfield code="6">100-01/</subfield><subfield code="a">جزولي، محمد بن سليمن</subfield></datafield><datafield tag="CID" ind1=" " ind2=" "><subfield code="a">006834134</subfield></datafield><datafield tag="DAT" ind1="0" ind2=" "><subfield code="a">20190719102641.0</subfield><subfield code="b">20190719000000.0</subfield></datafield><datafield tag="DAT" ind1="1" ind2=" "><subfield code="a">20190719090653.0</subfield><subfield code="b">2019-07-19T16:12:13Z</subfield></datafield><datafield tag="DAT" ind1="2" ind2=" "><subfield code="a">2015-10-02T18:00:03Z</subfield></datafield><datafield tag="CAT" ind1=" " ind2=" "><subfield code="a">SDR-MIU</subfield><subfield code="d">EX LIBRIS - ALEPH</subfield><subfield code="l">prepare.pl-004-008</subfield></datafield><datafield tag="FMT" ind1=" " ind2=" "><subfield code="a">BK</subfield></datafield><datafield tag="HOL" ind1=" " ind2=" "><subfield code="0">sdr-miu006834134</subfield><subfield code="a">MiU</subfield><subfield code="b">SDR</subfield><subfield code="c">MIU</subfield><subfield code="p">mdp.39015079131978</subfield><subfield code="s">MIU</subfield><subfield code="1">006834134</subfield></datafield><datafield tag="974" ind1=" " ind2=" "><subfield code="b">MIU</subfield><subfield code="c">MIU</subfield><subfield code="d">20190719</subfield><subfield code="s">lit-dlps-dc</subfield><subfield code="u">mdp.39015079131978</subfield><subfield code="y">1899</subfield><subfield code="r">pd</subfield><subfield code="q">exp</subfield></datafield></record></collection>